@article{Shell1959AHS,
	title={A high-speed sorting procedure},
	author={Donald L. Shell},
	journal={Commun. ACM},
	year={1959},
	volume={2},
	pages={30-32},
	url={https://api.semanticscholar.org/CorpusID:28572656}
}
